@article{semantics,
    title = {{Semantics of multiway dataflow constraint systems}},
    journal = {Journal of Logical and Algebraic Methods in Programming},
    volume = {121},
    pages = {100634},
    year = {2021},
    issn = {2352-2208},
    doi = {https://doi.org/10.1016/j.jlamp.2020.100634},
    url = {https://www.sciencedirect.com/science/article/pii/S235222082030119X},
    author = {Magne Haveraaen and Jaakko Järvi},
    keywords = {Dataflow constraint systems, Institutions, Reuse, Graphical user interfaces, Module system, Verification and testing},
}

@article{hotdrink,
    author = {Freeman, John and J\"{a}rvi, Jaakko and Foust, Gabriel},
    title = {{HotDrink: A Library for Web User Interfaces}},
    year = {2012},
    issue_date = {March 2013},
    publisher = {Association for Computing Machinery},
    address = {New York, NY, USA},
    volume = {48},
    number = {3},
    issn = {0362-1340},
    url = {https://doi.org/10.1145/2480361.2371413},
    doi = {10.1145/2480361.2371413},
    journal = {SIGPLAN Not.},
    month = {sep},
    pages = {80–83},
    numpages = {4},
    keywords = {web, user interface, MVVM pattern, declarative programming}
}

@article{planners,
    author = {J\"{a}rvi, Jaakko and Foust, Gabriel and Haveraaen, Magne},
    title = {{Specializing Planners for Hierarchical Multi-Way Dataflow Constraint Systems}},
    year = {2014},
    issue_date = {March 2015},
    publisher = {Association for Computing Machinery},
    address = {New York, NY, USA},
    volume = {50},
    number = {3},
    issn = {0362-1340},
    url = {https://doi.org/10.1145/2775053.2658762},
    doi = {10.1145/2775053.2658762},
    journal = {SIGPLAN Not.},
    month = {sep},
    pages = {1–10},
    numpages = {10},
    keywords = {DFAs, Dataflow constraint systems, user interfaces, program specialization}
}

@book{react,
  title={{Learning React: modern patterns for developing React apps}},
  author={Banks, Alex and Porcello, Eve},
  year={2020},
  publisher={O'Reilly Media}
}

@article{haskell,
  title={{A gentle introduction to Haskell}},
  author={Hudak, Paul and Fasel, Joseph H},
  journal={ACM Sigplan Notices},
  volume={27},
  number={5},
  pages={1--52},
  year={1992},
  publisher={ACM New York, NY, USA}
}

@misc{typescript,
  title = {{TypeScript: JavaScript With Syntax For Types}},
  howpublished = {\url{https://www.typescriptlang.org/}},
  note = {Accessed: 19.06.2023},
  year = {2023},
  organization = {Microsoft}
}

@article{warmdrink,
  title={{A domain-specific language for structure manipulation in constraint system-based GUIs}},
  author={Stokke, Knut Anders and Barash, Mikhail and J{\"a}rvi, Jaakko},
  journal={Journal of Computer Languages},
  volume={74},
  pages={101175},
  year={2023},
  publisher={Elsevier}
}

@misc{reacthooks,
  title = {{Introducing Hooks}},
  howpublished = {\url{https://legacy.reactjs.org/docs/hooks-intro.html}},
  publisher = {React (legacy.reactjs.org)},
  note = {Accessed: 2023-06-19}
}

@article{scottyArticle,
  title={{RESTful APIs}},
  author={Putrady, Ecky and Putrady, Ecky},
  journal={Practical Web Development with Haskell: Master the Essential Skills to Build Fast and Scalable Web Applications},
  pages={135--164},
  year={2018},
  publisher={Springer}
}

@misc{scottyHackage,
    title = {{scotty: Haskell web framework inspired by Ruby's Sinatra, using WAI and Warp}},
    author = {Andrew Farmer},
    year = {2022},
    url = {https://hackage.haskell.org/package/scotty},
    license = {BSD-3-Clause},
    copyright = {(c) 2012-Present Andrew Farmer},
    maintainer = {Andrew Farmer},
    homepage = {https://github.com/scotty-web/scotty},
}

@misc{aeson,
    title = {{aeson: Fast JSON parsing and encoding}},
    author = {Bryan O'Sullivan},
    year = {2023},
    howpublished = {\url{https://hackage.haskell.org/package/aeson}},
    lastaccessed = {2023-06-20}
}
